@online{esl:online,
    title={Elastic Search},
    date={2014-12-07},
    url={http://www.elasticsearch.org/},
    urldate={2014-12-07}
}

@online{zbmath:online,
    title={Zentralblatt Math Website},
    date={2014-12-07},
    url={http://zbmath.org/},
    urldate={2014-12-07}

}

@online{zbmathabout:online,
    title={Zentralblatt Math Website},
    date={2014-12-21},
    url={http://zbmath.org/about},
    urldate={2014-12-21}

}
@online{arXiv:online,
  title={ArXiv Online},
  date={2014-12-21},
  url={http://arxiv.org/},
  urldate={2014-12-21}
}

@online{mwsharvest:online,
  title={MwsHarvest},
  date={2014-12-21},
  url={https://trac.mathweb.org/MWS/wiki/MwsHarvest},
  urldate={2014-12-21}
}

@online{nodejs:online,
        title={Node.js},
  date={2014-12-21},
  url={http://nodejs.org/},
  urldate={2014-12-21}
}

@online{google:online,
  title={Google Website},
  date={2014-12-21},
  url={http://google.com/},
  urldate={2014-12-21}
}

@online{bing:online,
  title={Bing Website},
  date={2014-12-21},
  url={http://bing.com/},
  urldate={2014-12-21}
}

@online{leveldb:online,
  title={LevelDB},
  date={2014-12-21},
  url={http://leveldb.org/},
  urldate={2014-12-21}
}

@INPROCEEDINGS{HamKohPro:man14,
  author = {Radu Hambasan and Kohlhase, Michael and Prodescu, Corneliu},
  title = {{MathWebSearch} at {NTCIR-11}},
  url = {http://research.nii.ac.jp/ntcir/workshop/OnlineProceedings11/pdf/NTCIR/Math-2/05-NTCIR11-MATH-HambasanR.pdf},
  pages = {114--119},
  pubs = {mkohlhase,cprodescu,rhambasan,projects/mws}
}


